@MISC{rovara2024pathfindingframework,
	AUTHOR      = {Damian Rovara and Nils Quetschlich and Robert Wille},
	TITLE       = {A Framework to Formulate Pathfinding Problems for Quantum Computing},
	YEAR        = {2024},
	EPRINT      = {2404.10820},
	EPRINTTYPE  = {arxiv},
}
