% Encoding: UTF-8

@Article{galaxyproject2018,
  author    = {Afgan, Enis and Baker, Dannon and Batut, B\'{e}r\'{e}nice and van den Beek, Marius and Bouvier, Dave and \v{C}ech, Martin and Chilton, John and Clements, Dave and Coraor, Nate and Gr\"uning, Bj\"orn A. and Guerler, Aysam and Hillman-Jackson, Jennifer and Hiltemann, Saskia and Jalili, Vahid and Rasche, Helena and Soranzo, Nicola and Goecks, Jeremy and Taylor, James and Nekrutenko, Anton and Blankenberg, Daniel},
  title     = {The {Galaxy} platform for accessible, reproducible and collaborative biomedical analyses: 2018 update},
  journal   = {Nucleic Acids Res.},
  year      = {2018},
  volume    = {46},
  number    = {W1},
  pages     = {W537-W544},
  note      = {\url{https://galaxyproject.org/}},
  doi       = {10.1093/nar/gky379},
  publisher = {Oxford University Press},
  url       = {https://doi.org/10.1093/nar/gky379},
}

@TechReport{stellargalaxy2018,
  author      = {B. Cannon and D. Ingram and P. Ganssle and P. Gedam and S. Eustace and T. Kluyver and T. Chung},
  title       = {Galaxy, A framework for multi-site, cross-platform simulation and optimization},
  institution = {Stellar Science },
  year        = {2018},
  type        = {},
  number      = {},
  url         = {https://www.stellarscience.com/project/galaxy/},
}

@Article{cwl2021,
  author  = {Michael R. Crusoe and Sanne Abeln and Alexandru Iosup and Peter Amstutz and John Chilton and NebojÅ¡a TijaniÄ‡ and HervÃ© MÃ©nager and Stian Soiland-Reyes and Bogdan Gavrilovic and Carole Goble},
  title   = {Methods Included: Standardizing Computational Reuse and Portability with the Common Workflow Language},
  journal = {Communication of the ACM},
  year    = {2021},
  note    = {\url{https://www.commonwl.org/}},
  doi     = {10.1145/3486897},
  url     = {https://arxiv.org/abs/2105.07028},
}

@Comment{jabref-meta: databaseType:bibtex;}
